Automatically generated by Mendeley 0.9.7
Any changes to this file will be lost if it is regenerated by Mendeley.

@article{Gusmeroli2010,
author = {Gusmeroli, Alessio and Murray, Tavi and Jansson, Peter and Pettersson, Rickard and Aschwanden, Andy and Booth, Adam D.},
journal = {J. Geophys. Res.},
title = {{Vertical distribution of water within the polythermal Storglaci\"{a}ren, Sweden}},
volume = {in press},
year = {2010}
}
@article{Funk1994a,
author = {Funk, Martin and Echelmeyer, K and Iken, Almut},
journal = {J. Glaciol.},
pages = {569--585},
title = {{Mechanisms of fast flow in Jakobshavns Isbrae, Greenland; Part II: Modeling of englacial temperatures}},
volume = {40},
year = {1994}
}
@article{Bamber1988,
author = {Bamber, Jonathan L.},
journal = {Ann. Glaciol.},
pages = {5--10},
title = {{Internal reflecting layers in Spitsbergen glaciers.}},
volume = {9},
year = {1988}
}
@inproceedings{Duval1977,
annote = {Publication No. 118},
author = {Duval, Paul},
booktitle = {Isotopes and impurities in snow and ice},
pages = {29--33},
title = {{The role of water content on the creep rate of polycrystalline ice}},
year = {1977}
}
@article{Paterson1971,
author = {Paterson, W. S. B.},
journal = {J. Glaciol.},
pages = {339--349},
title = {{Temperature measurements in Athabasca Glacier, Alberta, Canada}},
volume = {10},
year = {1971}
}
@article{HolmlundEriksson1989,
author = {Holmlund, P and Eriksson, M},
journal = {Geographiska Annaler},
pages = {241--244},
title = {{The cold surface layer on Storglaci\"{a}ren.}},
volume = {71A},
year = {1989}
}
@article{LuethiFunk2001,
author = {L\"{u}thi, Martin P. and Funk, Martin},
journal = {J. Glaciol.},
pages = {314--324},
title = {{Modelling heat flow in a cold, high altitude glacier: interpretation of measurements from Colle Gnifetti, Swiss Alps}},
volume = {47},
year = {2001}
}
@article{Blatter1988,
author = {Blatter, Heinz and Kappenberger, Giovanni},
journal = {J. Glaciol.},
pages = {102--110},
title = {{Mass balance and thermal regime of Laika ice cap, Coburg Island, N.W.T., Canada}},
volume = {34},
year = {1988}
}
@article{Blatter1987,
author = {Blatter, Heinz},
journal = {J. Glaciol.},
pages = {200--211},
title = {{On the thermal regime of an arctic valley glacier, a study of the White Glacier, Axel Heiberg Island, N.W.T., Canada}},
volume = {33},
year = {1987}
}
@book{Paterson1994,
address = {New York},
author = {Paterson, W. S. B.},
pages = {480},
publisher = {Pergamon},
title = {{The Physics of Glaciers}},
year = {1994}
}
@article{FountainWalder1998,
author = {Fountain, Andrew G and Walder, Joseph S},
journal = {Reviews of Geophysics},
pages = {299--328},
title = {{Water flow through temperate glaciers}},
volume = {36},
year = {1998}
}
@article{IkenEchelmeyer1993,
author = {Iken, Almut and Echelmeyer, K and Funk, Martin and Harrison, William D},
journal = {J. Glaciol.},
pages = {15--25},
title = {{Mechanisms of fast flow in Jakobshavns Isbrae, Greenland, Part I: Measurements of temperature and water level in deep boreholes}},
volume = {39},
year = {1993}
}
@article{Harrison1975a,
author = {Harrison, William D},
journal = {J. Glaciol.},
pages = {23--30},
title = {{Temperature measurements in a temperate glacier}},
volume = {14},
year = {1975}
}
@article{Breuer2006,
author = {Breuer, B and Lange, M A and Blindow, N},
journal = {J. Glaciol.},
pages = {235--247},
title = {{Sensitivity studies on model modifications to assess the dynamics of a temperate ice cap, such as that on King George Island, Antarctica}},
volume = {52},
year = {2006}
}
@article{RaymondHarrison1975,
author = {Raymond, Charles F and Harrison, William D},
journal = {J. Glaciol.},
pages = {213--233},
title = {{Some observations on the behaviour of the liquid and gas phases in temperate glacier ice}},
volume = {14},
year = {1975}
}
@article{Jania1996,
author = {Jania, Jacek and Mochnacki, D and Gadek, B},
file = {:Users/andy/literature/janja1996.pdf:pdf},
journal = {Polar Research},
pages = {53--66},
title = {{The thermal structure of Hansbreen, a tidewater glacier in southern Spitsbergen, Svalbard}},
volume = {15},
year = {1996}
}
@book{GreveBlatter_disg,
author = {Greve, Ralf and Blatter, Heinz},
file = {:Users/andy/literature/greve-blatter/chap10.pdf:pdf},
isbn = {978-3-642-03414-5},
publisher = {Springer Verlag},
series = {Advances in Geophysical and Enviornmental Mechanics and Mathematics},
title = {{Dynamics of Ice Sheets and Glaciers}},
year = {2009}
}
@article{Lliboutry1976,
author = {Lliboutry, Louis A.},
journal = {J. Glaciol.},
keywords = {water content},
pages = {151--158},
title = {{Physical processes in temperate glaciers}},
volume = {16},
year = {1976}
}
@article{Fountain2005,
author = {Fountain, Andrew G and Jacobel, Robert W and Schlichting, R and Jansson, Peter},
journal = {Nature},
pages = {618--621},
title = {{Fractures as the main pathways of water flow in temperate glaciers.}},
volume = {433},
year = {2005}
}
@article{Pettersson2004,
author = {Pettersson, Rickard and Jansson, P and Blatter, Heinz},
doi = {10.1029/2003JF000110},
file = {:Users/andy/literature/pettersson\_2004.pdf:pdf},
journal = {J. Geophys. Res.},
number = {F2},
pages = {1--12},
title = {{Spatial variability in water content at the cold-temperate transition surface of the polythermal Storglaci\"{a}ren, Sweden.}},
url = {http://www.agu.org/pubs/crossref/2004/2003JF000110.shtml},
volume = {109},
year = {2004}
}
@inproceedings{Ritz1987,
address = {Vancouver},
author = {Ritz, Catherine},
booktitle = {The Physical Basis of Ice Sheet \{M\}odelling},
pages = {207--216},
title = {{Time dependent boundary conditions for calculation of temperature fields in ice sheets}},
volume = {170},
year = {1987}
}
@article{Luethi2002,
author = {L\"{u}thi, Martin P. and Funk, Martin and Iken, Almut and Truffer, Martin and Gogineni, S.},
file = {:Users/andy/literature/luethi2002.pdf:pdf},
journal = {J. Glaciol.},
number = {162},
pages = {369--385},
title = {{Mechanisms of fast ow in Jakobshavns Isbr\ae, Greenland, Part III: measurements of ice deformation, temperature and cross-borehole conductivity in boreholes to the bedrock}},
volume = {48},
year = {2002}
}
@phdthesis{Ryser2009,
author = {Ryser, Claudia},
school = {ETH Zurich},
title = {{The polythermal structure of Grenzgletscher, Valais, Switzerland}},
type = {Master Thesis},
year = {2009}
}
@article{Classen1971,
author = {Classen, D. F. and Clarke, Garry K. C.},
journal = {Nature},
pages = {481--483},
title = {{Basal hot spot on a surge type glacier}},
volume = {229},
year = {1971}
}
@article{Eisen2009,
author = {Eisen, Olaf and L\"{u}thi, Martin P. and Riesen, Patrick and Funk, Martin},
journal = {Ann. Glaciol.},
number = {51},
pages = {63--70},
title = {{Deducing the thermal structure in the tongue of Gornergletscher, Switzerland, from radar surveys and borehole measurements.}},
volume = {50},
year = {2009}
}
@article{Mader1992,
author = {Mader, H M},
journal = {J. Glaciol.},
number = {130},
pages = {333--347},
title = {{Observations of the water-vein system in polycrystalline ice}},
volume = {38},
year = {1992}
}
@article{Nye1989,
author = {Nye, J F},
journal = {J. Glaciol.},
number = {119},
pages = {17--22},
title = {{The geometry of water veins and nodes in polycrystalline ice}},
volume = {35},
year = {1989}
}
